@online{gravitace,
title = {Wolfram | Alpha Widget: Gravitational Fields },
url = {http://goo.gl/dtWkdT},
OPTurldate = {2016-04-06},
}

@book{table,
author = {Jaromír BROŽ and Vladimír ROSKOVEC and Miloslav VALOUCH},
title = {Fyzikální a matematické tabulky},
date = {1980},
publisher = {SNTL},
location = {Praha},
}

@book{prakt,
author = {Jiří ENGLICH},
title = {Úvod do praktické fyziky I},
date = {2006},
subtitle = {Zpracování výsledk? m??ení},
publisher = {MATFYZPRESS},
location = {Praha},
isbn = {80-86732-93-2},
}

@book{mechanika,
author = {Jozef KVASNICA and Antonín HAVRÁNEK and Pavel LUKÁČ and Boris SPRUŠIL},
title = {Mechanika},
date = {2004},
publisher = {Academia},
location = {Praha},
isbn = {80-200-1268-0},
}

@online{skripta,
ALTauthor = {author},
ALTeditor = {editor},
title = {Stuium Brownova pohybu | Studijní text pro fyzikální praktikum I MMF UK},
urldate = {2016-04-17},
url = {http://physics.mff.cuni.cz/vyuka/zfp/_media/zadani/texty/txt_116.pdf},
}

@online{viskozita,
ALTauthor = {author},
ALTeditor = {editor},
title = {Viscopedia | A free encyclopedia for viscosity},
urldate = {2016-04-17},
url = {http://www.viscopedia.com/viscosity-tables/substances/water/},
}

@online{avogadro,
ALTauthor = {author},
ALTeditor = {editor},
title = {Adjustace konstant CODATA 2014},
urldate = {2016-04-17},
url = {http://physics.nist.gov/cgi-bin/cuu/Category?view=html&All+values.x=82&All+values.y=9},
}
